@MISC{Hearn2001,
 author = {Peter O'Hearn and John Reynolds and Hongseok Yang},
 title = {Local Reasoning about Programs that Alter Data Structures},
 year = {2001}
}

@article{Vafeiadis2011,
 author = {Vafeiadis, Viktor},
 title = {Concurrent Separation Logic and Operational Semantics},
 journal = {Electron. Notes Theor. Comput. Sci.},
 volume = {276},
 month = sep,
 year = {2011},
 publisher = {Elsevier Science Publishers B. V.},
 address = {Amsterdam, The Netherlands, The Netherlands}
} 

@inproceedings{Swierstra2014,
 author = {Swierstra, Wouter and L\"{o}h, Andres},
 title = {The Semantics of Version Control},
 year = {2014},
 pages = {43--54},
 publisher = {ACM},
 address = {New York, NY, USA}
} 

@article{Hoare69,
  author    = {C. A. R. Hoare},
  title     = {An Axiomatic Basis for Computer Programming},
  journal   = {Commun. {ACM}},
  volume    = {12},
  number    = {10},
  pages     = {576--580},
  year      = {1969}
}
